@misc{bib:FMOD,
	author = {Firelight Technologies},
	title = {{FMOD Studio API}},
	date = {July 2015},
	note = {http://www.fmod.org/documentation/},
}

@misc{bib:SOIL,
	author = {Jonathan Dummer},
	title = {{Simple OpenGL Image Library}},
	date = {April 2016},
	note = {http://www.lonesock.net/soil.html},
}

@misc{bib:OPENGL,
	author = {Khronos Group},
	title = {{OpenGL API Documentation Overview}},
	date = {March 2015},
	note = {https://www.opengl.org/documentation},
}

@misc{bib:Plane,
	author = {Maplesoft},
	title = {Equation of a Plane - 3 Points},
	date = {March 2016},
}

@misc{bib:SHLOBJ,
	author = {Microsoft},
	title = {{SHGetFolderPath function}},
	date = {November 2016},
	note = {https://msdn.microsoft.com/en-us/library/windows/desktop/bb762181(v=vs.85).aspx},
}

@misc{bib:Deyoso,
	author = {Robert Deyoso III},
	title = {{Personal Interview}},
	date = {April 2015},
}

@misc{bib:SQL,
	author = {Dr. Richard Hipp},
	title = {{An Introduction To The SQLite C/C++ Interface}},
	date = {August 2015},
	note = {https://www.sqlite.org/cintro.html},
}

@misc{bib:git,
	author = {Jeremy Greenburg},
	title = {{The God Core}},
	note = {https://github.com/Jerrgree/The-God-Core-Source},
}

